@InProceedings{flandmark,
		author =      {U{\v{r}}i{\v{c}}{\'{a}}{\v{r}}, Michal and Franc, Vojt {\v{e}}ch and Hlav{\'{a}}{\v{c}}, V{\'{a}}clav },
		  title =       {Detector of Facial Landmarks Learned by the Structured Output {SVM}},
		  year =        {2012},
		  pages =       {547-556},
		  booktitle =   {VISAPP '12: Proceedings of the 7th International Conference on Computer Vision Theory and Applications},
		  editor =      {Csurka, Gabriela and Braz, Jos{\'{e}}},
		  publisher =   {SciTePress --- Science and Technology Publications},
		  address =     {Portugal},
		  volume =      {1},
		  isbn =        {978-989-8565-03-7},
		  book_pages =  {747},
		  month =       {February},
		  day =         {24-26},
		  venue =       {Rome, Italy},
		}
@ONLINE{FineBrothers,
		author = {Fine Brothers},
		title = {Fine Brother's YouTube Channel},
		month = Dec,
		year = {2013},
		url = {http://www.youtube.com/user/TheFineBros}
		}
@ONLINE{youtubedl,
		author = {Ricardo Garcia Gonazalez, et al.},
		title = {youtube-dl},
		month = Dec,
		year = {2013},
		url = {http://rg3.github.io/youtube-dl/}
		}
@THESIS{huj,
      author = {Huijbregts, Marijn},
      title = {Segmentation, Diarization, and Speech Transcription: Suprise Data Unraveled},
      institution = {Uniersitie de Twente},
      year = {2008},
      type = {{Ph.D. Thesis}},
    }
@INPROCEEDINGS{violajones,
    author = {Paul Viola and Michael Jones},
    title = {Robust Real-time Object Detection},
    booktitle = {International Journal of Computer Vision},
    year = {2001}
}
@ARTICLE{Lowe,
    author = {David G. Lowe},
    title = {Distinctive Image Features from Scale-Invariant Keypoints},
    journal = {International Journal of Computer Vision},
    year = {2004},
    volume = {60},
    pages = {91--110}
}