@article{Pang,
author = {Pang, Bo and Lee, Lillian},
title = {Opinion Mining and Sentiment Analysis},
journal = {Found. Trends Inf. Retr.},
issue_date = {January 2008},
volume = {2},
number = {1-2},
month = jan,
year = {2008},
issn = {1554-0669},
pages = {1--135},
numpages = {135},
url = {http://dx.doi.org/10.1561/1500000011},
doi = {10.1561/1500000011},
acmid = {1454712},
publisher = {Now Publishers Inc.},
address = {Hanover, MA, USA},
}

@InProceedings{MM13:sentibank_long, 
   Author = {Borth, Damian and Ji, Rongrong and Chen, Tao and Breuel, Thomas and Chang, Shih-Fu},
   Title = {Large-scale Visual Sentiment Ontology and Detectors Using Adjective Noun Pairs},
   BookTitle = {ACM Multimedia},
   Month = {October},
   Year = {2013}
}

@InProceedings{MM13:structurednews, 
   Author = {Jou, Brendan and Li, Hongzhi and Ellis, Joseph G. and Morozoff, Daniel and Chang, Shih-Fu},
   Title = {Structured Exploration of Who, What, When, and Where in Heterogeneous Multimedia News Sources},
   BookTitle = {ACM Multimedia},
   Series = {Grand Challenge},
   Month = {October},
   Year = {2013}
}

@inproceedings{agarwal2009contextual,
  title={Contextual phrase-level polarity analysis using lexical affect scoring and syntactic n-grams},
  author={Agarwal, Apoorv and Biadsy, Fadi and Mckeown, Kathleen R},
  booktitle={Proceedings of the 12th Conference of the European Chapter of the Association for Computational Linguistics},
  pages={24--32},
  year={2009},
  organization={Association for Computational Linguistics}
}


